@article{deibel06,
	author = "James Deibel",
	title  = "Representing Attitude: Euler Angles, Unit Quaternions, and Rotation Vectors",
	year   = "2006",
}

@article{choukroun04,
	author = "D. Choukroun and I. Y. Bar-Itzhack and Y. Oshman",
	title  = "A {N}ovel {Q}uaternion {K}alman {F}ilter",
	year   = "2004",
	journal = "TAE",
	number  = "930",
}

@article{spjones00,
	author = "Simon Peyton Jones",
	title  = "Tackling the awkward squad: monadic input/output, concurrency, exceptions, and foreign-language calls in {H}askell",
	year = "2001",
	journal = "Engineering theories of software construction",
	pages = "47--96"
}

@misc{wikimagnetometer,
	author = "Wikipedia",
	title  = "Magnetometer",
	note   = "\texttt{http://en.wikipedia.org/wiki/Magnetometer}"
}

@misc{wikii2c,
	author = "Wikipedia",
	title  = "I2{C}",
	note   = "\texttt{http://en.wikipedia.org/wiki/I2C}"
}

@misc{gpsinfonmea,
	author = "Dale DePriest",
	title = "NMEA Data",
	note = "\texttt{http://www.gpsinformation.org/dale/nmea.htm}"
}

@misc{paparazziweb,
	author = "ENAC University",
	title = "Paparazzi {P}roject",
	note = "\url{http://paparazzi.enac.fr}"
}

@misc{lanc,
	author = "Versatile Video",
	title = "How {SONY}'s {LANC}\texttrademark protocol works",
	note = "\url{http://www.boehmel.de/lanc.htm}"
}

@misc{lanc_adapter,
	author = "Studio1Productions",
	title = "{LANC Adapter for Sony Video Cameras}",
	note = "\url{http://studio1productions.com/lanc-sa.htm}"
}

@misc{hitechs77bb,
	author = "ServoCity",
	title = "{HS-77BB} {L}ow {P}rofile",
	note = "\url{http://www.servocity.com/html/hs-77bb_low_profile.html}"
}

@misc{hitechs785,
	author = "ServoCity",
	title = "{HS-785HB 3.5 Rotations}",
	note = "\url{http://www.servocity.com/html/hs-785hb_3_5_rotations.htmll}"
}

@misc{opencv,
  author = "Intel",
  title = "{O}pen {S}ource {C}omputer {V}ision {L}ibrary",
  note = "\url{http://opencv.willowgarage.com}"
}

@misc{auvsiweb,
	author = "AUVSI",
	title = "{A}ssociation for {U}nmanned {V}ehicle {S}ystems {I}international",
	note = "\url{http://www.auvsi.org}"
}
@misc{uasweb,
	author = "AUVSI Seafarer's Chapter",
	title = "2010 {S}tudent {U}nmanned {A}erial {S}ystems Competition",
	note = "\url{http://65.210.16.57/studentcomp2010/default.html}"
}
@misc{competition_rules,
	author = "AUVSI Seafarer's Chapter",
	title = "2010 {S}tudent {U}nmanned {A}erial {S}ystems Competition Rules",
	note = "\url{http://65.210.16.57/studentcomp2010/rules/2010\%20RFP20090824.pdf}"
}

@misc{tricountyRC,
	title = "{T}ri-{C}ounty {RC} {C}lub of {NJ}",
	note = "\url{http://www.tricountyrc.com}"
}

@misc{paparazzi_tinyv21,
	author = "Paparazzi Project",
	title = "Tiny v2.1 autopilot",
	note = "\url{http://paparazzi.enac.fr/wiki/Tiny_v2}"
}

@misc{powershots3,
	author = "Canon",
	title = "Powershot {S3} {IS}",
	note = "\url{http://www.dpreview.com/news/0602/06022111canons3is.asp}"
}

@misc{far23,
	author = "Code of Federal Regulations",
	title = "{T}itle 14. {A}eronautics and {S}pace. {S}pecial {F}ederal {A}viation {R}egulation no. 23",
	note = "\url{http://www.faa.gov/aircraft/air_cert/airworthiness_certification/std_awcert/std_awcert_regs/regs/}"
}

@misc{aero_craft_ltd,
	title = "{A}ero {C}raft {L}td.",
	note = "\url{http://www.aerocraftrc.com/}"
}

@misc{beagleboard,
	author = "Texas Instruments",
	title = "Beagleboard",
	note = "\url{http://beagleboard.org/}"
}

@misc{angstromlinux,
	title = "{A}ngstrom {L}inux {D}istribution",
	note = "\url{http://www.angstrom-distribution.org/}"
}

@misc{micromaestro,
	author = "Pololu Robotics and Electronics",
	title = "{M}icro {M}aestro",
	note = "\url{http://www.pololu.com/catalog/product/1351}"
}

@misc{pololumux,
	author = "Pololu Robotics and Electronics",
	title = "4 {S}ervo {M}ultiplexer",
	note = "\url{http://www.pololu.com/catalog/product/721}"
}

@misc{futaba24,
	author = "Futaba Corporation",
	title = "{FAAST} {2.4GHz} {R}adio {S}ystems",
	note = "\url{http://www.futaba-rc.com/}"
}

@misc{itg3200,
	author = "Invensense, Inc.",
	title = "{ITG}-3200",
	note = "\url{http://invensense.com/mems/gyro/itg3200.html}"
}

@misc{lsm303dlh,
	author = "ST Micro, Inc.",
	title = "{LSM303DLH}",
	note = "\url{http://www.st.com/stonline/products/families/sensors/motion_sensors/lsm303dlh.htm}"
}

@misc{sparkfun_ftdi,
	author = "Sparkfun Electronics",
	title = "{FTDI} Basic Breakout",
	note = "\url{http://www.sparkfun.com/commerce/product_info.php?products_id=8772}"
}

@misc{gs407gps,
	author = "Sparkfun Electronics",
	title = "50 Channel {GS407} Helical {GPS} receiver",
	note = "\url{http://www.sparkfun.com/commerce/product_info.php?products_id=9436}"
}

@misc{ublox_lea5h,
	author = "u-blox",
	title = "{LEA-5H} {GPS} receiver module",
	note = "\url{http://www.u-blox.com/en/lea-5h.html}"
}

@misc{xbeepro24,
	author = "Maxstream",
	title = "{XB}ee {P}ro {S}eries 2.5 2.4{RF} Modules",
	note = "\url{http://www.digi.com/products/wireless/zigbee-mesh/xbee-digimesh-2-4.jsp\#overview}"
}

@misc{gpsd,
	title = "gpsd, a {GPS} service daemon",
	note = "\url{http://gpsd.berlios.de/}"
}

@misc{mqueue,
	author = "Linux manpages",		
	title = "man 7 mq\_overview",
	note = "\url{http://man-wiki.net/index.php/7:mqoverview}"
}

@misc{hickey10hsqkf,
	author = "Patrick Hickey",
	title = "{D}esign of an {A}ttitude and {H}eading {R}eference {S}ensor",
	note = "\url{http://moreproductive.org/hs-qkf-paper.pdf}"
}